<record><leader>00000cas a22000007a 4500</leader><controlfield tag="001">12292754</controlfield><controlfield tag="008">850723c19249999wyuwr ne      0    0eng d</controlfield><datafield ind1=" " ind2=" " tag="010"><subfield code="a">sn 85058166 </subfield></datafield><datafield ind1=" " ind2=" " tag="040"><subfield code="a">UNP</subfield><subfield code="b">eng</subfield><subfield code="c">UNP</subfield><subfield code="d">NVO</subfield><subfield code="d">OCLCQ</subfield></datafield><datafield ind1=" " ind2=" " tag="042"><subfield code="a">msc</subfield></datafield><datafield ind1="0" ind2="4" tag="245"><subfield code="a">The Kemmerer gazette.</subfield></datafield><datafield ind1="3" ind2="0" tag="246"><subfield code="a">Gazette</subfield></datafield><datafield ind1=" " ind2=" " tag="260"><subfield code="a">Kemmerer, Wyo. :</subfield><subfield code="b">Gazette Pub. Co.</subfield></datafield><datafield ind1=" " ind2=" " tag="300"><subfield code="a">v.</subfield></datafield><datafield ind1=" " ind2=" " tag="310"><subfield code="a">Weekly</subfield></datafield><datafield ind1="0" ind2=" " tag="362"><subfield code="a">Vol. 11, no. 36 (May 2, 1924)-v. 19, no. 16 (Dec. 15, 1931) ; v. 8, no. 35 (Dec. 25, 1931)-</subfield></datafield><datafield ind1=" " ind2=" " tag="515"><subfield code="a">First issue also called: Vol. 1, no. 1.</subfield></datafield><datafield ind1=" " ind2=" " tag="515"><subfield code="a">Also continues numbering of The Kemmerer Camera.</subfield></datafield><datafield ind1=" " ind2="4" tag="651"><subfield code="a">Kemmerer (Wyo.)</subfield><subfield code="v">Newspapers.</subfield></datafield><datafield ind1=" " ind2="4" tag="651"><subfield code="a">Lincoln County (Wyo.)</subfield><subfield code="v">Newspapers.</subfield></datafield><datafield ind1=" " ind2=" " tag="752"><subfield code="a">United States</subfield><subfield code="b">Wyoming</subfield><subfield code="c">Lincoln</subfield><subfield code="d">Kemmerer.</subfield></datafield><datafield ind1="0" ind2="4" tag="780"><subfield code="t">Kemmerer camera</subfield><subfield code="w">(DLC)sn 92067179</subfield></datafield><datafield ind1="0" ind2="4" tag="780"><subfield code="t">Kemmerer Republican</subfield><subfield code="w">(DLC)sn 92067163</subfield></datafield></record>